@thesis{andre,
author = {André da Silva Mendes},
title = {Historiamento e Publicação de Dados em Tempo Real, Utilizando Arquitetura PIMS},
type = {Monografia de Pós Graduação},
school = {Faculdade de Tecnologia SENAI CIMATEC},
year = {2010},
}

@thesis{barreto,
author = {Sérgio Sá Barreto},
title = {Automação Integrada na Petrobras: Disponibilização de Informações de processo industrial em arquitetura aberta},
type = {},
school = {Faculdade Ruy Barbosa},
year = {2006},
}

@book{silveira,
title={Automação e controle discreto},
author={da Silveira, Paulo Rogério and dos Santos, Winderson Eugenio},
year={2004},
publisher={Érica}}

@book{moraes,
title={Engenharia de automação industrial},
author={De Moraes, Cícero Couto and de Lauro Castrucci, Plínio Benedito},
year={2001},
publisher={Livros Tecnicos e Cientificos}
}

@book{ogata,
  title={Engenharia de Controle Moderno},
  author={Ogata, Katsuhiko and Maya, Paulo {\'A}lvaro and Leonardi, Fabrizio},
  year={2003},
  publisher={Prentice Hall}
}

@book{astrom,
  title={PID Controllers: Theory, Design, and Tuning},
  author={Astrom, Karl J and Hagglund, T},
  year={1995},
  publisher={Research Triangle Park}
}

@book{enso,
  title={ADVANCED PROCESS IDENTIFICATION AND CONTROL},
  author={Ikonen, Enso and Kaddour, Najim},
  year={2002},
  publisher={Marcel Dekker}
}

@book{dorf,
  title={Sistemas de controle modernos},
  author={Dorf, Richard C and Bishop, Robert H},
  year={2001},
  publisher={Livros T{\'e}cnicos e Cient{\'\i}ficos}
}

@book{chen,
  title={Linear system theory and design},
  author={Chen, Chi-Tsong},
  year={1998},
  publisher={Oxford University Press, Inc.}
}

@book{franklin,
title={Feedback Control of Dynamic Systems},
author={Franklin, Gene F. and Powell, J. David},
year={1997},
publisher={Livros Tecnicos e Cientificos}
}

@book{rosario,
  title={Princ{\'\i}pios de mecatr{\^o}nica},
  author={Ros{\'a}rio, Jo{\~a}o Maur{\'\i}cio},
  year={2006},
  publisher={Pearson Prentice Hall}
}

@book{fuller,
title={Robotics: Introduction, Programming and Projects},
author={Fuller, James L.},
year={1999},
publisher={Prentice Hall}
}

@book{sciavicco,
title={Modelling and Control of Robot Manipulators},
author={Sciavicco, Lorenzo and Siciliano, Bruno},
year={1999},
publisher={Springer}
}

@book{siciliano,
  title={Springer handbook of robotics},
  author={Siciliano, Bruno and Khatib, Oussama},
  year={2008},
  publisher={Springer}
}

@thesis{gaidzinski,
author = {Vladimir Hartenias Gaidzinski},
title = {A tecnologia da informação no chão de fábrica: As novas ferramentas e a gestão integrada da informação},
type = {Dissertação de Mestrado},
school = {Universidade Federal de Santa Catarina},
year = {2003},
}

@thesis{oberdan,
author = {Oberdan Veloso de Melo},
title = {Gerenciamento das Informações Industriais},
type = {Monografia de Graduação em Engenharia de Controle e Automação},
school = {Universidade Federal de Ouro Preto},
year = {2012},
}

@misc{backlash,
author = {Wittenstein},
title = {Backlash vs. Lost Motion},
urlaccessdate = {13.02.2014},
year = {2006},
url = {http://www.wittenstein-us.com/tech-support/resources/documents/Backlashvs.LostMotion.pdf},
}

@online{osi_whatIsPI,
author = {OsiSoft},
title = {What is PI},
urlaccessdate = {10 Jan. 2014},
year = {2014},
url = {http://www.osisoft.com/software-support/what-is-pi/What_Is_PI.aspx},
}

@article{candido,
  title={Padrão OPC: Uma Alternativa de Substituição dos Drivers Proprietários para Acessar Dados de PLCs},
  author={Ronei Vilas Bôas CÂndido},
  journal={Universidade Fumec. Belo Horizonte},
  pages={51},
  year={2004}
}

@inproceedings{expliner,
  title={Expliner-Robot for inspection of transmission lines},
  author={Debenest, Paulo and Guarnieri, Michele and Takita, Kensuke and Fukushima, Edwardo F and Hirose, Shigeo and Tamura, Kiyoshi and Kimura, Akihiro and Kubokawa, Hiroshi and Iwama, Namuri and Shiga, Fuminori},
  booktitle={Robotics and Automation, 2008. ICRA 2008. IEEE International Conference on},
  pages={3978--3984},
  year={2008},
  organization={IEEE}
}

@inproceedings{ishino,
  title={Detection system of damaged cables using video obtained from an aerial inspection of transmission lines},
  author={Ishino, R and Tsutsumi, F},
  booktitle={Power Engineering Society General Meeting, 2004. IEEE},
  pages={1857--1862},
  year={2004},
  organization={IEEE}
}

@article{transmission,
  title={Transmission line maintenance robots capable of crossing obstacles: State-of-the-art review and challenges ahead},
  author={Toussaint, Kristopher and Pouliot, Nicolas and Montambault, Serge},
  journal={Journal of Field Robotics},
  volume={26},
  number={5},
  pages={477--499},
  year={2009},
  publisher={Wiley Online Library}
}

@Manual{cemig,
title = {Memorial Descritivo - Robô de Inspeção de Linhas Vivas de 138 kV},
organization = {SENAI - CIMATEC},
address = {Avenida Orlando Gomes, 1845 - Piatã, Salvador, BA},
edition = {1},
month = {Julho},
year = {2013},
}
